%WP1



@TECHREPORT{INTOCPSD1.1a,
  KEY           = "INTO-CPS-D1.1a",
  AUTHOR        = "Francois Hantry and Thierry Lecomte and Stelios Basagiannis 
                   and Christian K{\"{o}}nig and Jose Esparza",
  TITLE         = "{Case Studies 1, Public Version}",
  INSTITUTION   = "{INTO-CPS} Public Deliverable, D1.1a",
  YEAR          = "2015",
  MONTH         = "December",
  ANNOTE        = "",
  COMMENT       = ""}

@TECHREPORT{INTOCPSD1.1b,
  KEY           = "INTO-CPS-D1.1b",
  AUTHOR        = "Francois Hantry and Thierry Lecomte",
  TITLE         = "{Case Study 1, Railway, (Confidential)}",
  INSTITUTION   = "{INTO-CPS} Confidential Deliverable, D1.1b",
  YEAR          = "2015",
  MONTH         = "December",
  ANNOTE        = "",
  COMMENT       = ""}

@TECHREPORT{INTOCPSD1.1c,
  KEY           = "INTO-CPS-D1.1c",
  AUTHOR        = "Jose Esparza and Ole Green and Stefan Hallerstede",
  TITLE         = "{Case Study 1, Agriculture, (Confidential)}",
  INSTITUTION   = "{INTO-CPS} Confidential Deliverable, D1.1c",
  YEAR          = "2015",
  MONTH         = "December",
  ANNOTE        = "",
  COMMENT       = ""}

@TECHREPORT{INTOCPSD1.1d,
  KEY           = "INTO-CPS-D1.1d",
  AUTHOR        = "Stelios Basagiannis",
  TITLE         = "{Case Study 1, Building, (Confidential)}",
  INSTITUTION   = "{INTO-CPS} Confidential Deliverable, D1.1d",
  YEAR          = "2015",
  MONTH         = "December",
  ANNOTE        = "",
  COMMENT       = ""}


@TECHREPORT{INTOCPSD1.1e,
  KEY           = "INTO-CPS-D1.1e",
  AUTHOR        = "Christian K{\"{o}}nig and Natalie Balcu",
  TITLE         = "{Case Study 1, Automotive, (Confidential)}",
  INSTITUTION   = "{INTO-CPS} Confidential Deliverable, D1.1e",
  YEAR          = "2015",
  MONTH         = "December",
  ANNOTE        = "", 
  COMMENT       = ""}

@TECHREPORT{INTOCPSD1.2a,
  KEY           = "INTO-CPS-D1.2a",
  AUTHOR        = "Julien Ouy and Thierry Lecomte and Martin Peter Christiansen and Andres Vill Henriksen and Ole Green and Stefan Hallerstede and Peter Gorm Larsen and Claes J\ae ger and Stelios Basagiannis and Luis Diogo Couto and Alie El-din Mady and Hassan Ridouanne and Hector Moner Poy and Juan Valverde Alcala and Christian K{\"{o}}nig and Natalie Balcu",
  TITLE         = "{Case Studies 2, Public Version}",
  INSTITUTION   = "{INTO-CPS} Public Deliverable, D1.2a",
  YEAR          = "2016",
  MONTH         = "December",
  ANNOTE        = "",
  COMMENT       = ""
}

@TECHREPORT{INTOCPSD1.2b,
  KEY           = "INTO-CPS-D1.2b",
  AUTHOR        = "Julien Ouy and Thierry Lecomte",
  TITLE         = "{Railways Case Study 2, (Confidential)}",
  INSTITUTION   = "{INTO-CPS} Confidential Deliverable, D1.2b",
  YEAR          = "2016",
  MONTH         = "December",
  ANNOTE        = "",
  COMMENT       = ""}

@TECHREPORT{INTOCPSD1.2c,
  KEY           = "INTO-CPS-D1.2c",
  AUTHOR        = "Martin Peter Christiansen and Andres Vill Henriksen and Ole Green and Stefan Hallerstede and Peter Gorm Larsen and Claes Jaeger",
  TITLE         = "{Agriculture Case Study 2, (Confidential)}",
  INSTITUTION   = "{INTO-CPS} Confidential Deliverable, D1.2c",
  YEAR          = "2016",
  MONTH         = "December",
  ANNOTE        = "",
  COMMENT       = ""}

@TECHREPORT{INTOCPSD1.2d,
  KEY           = "INTO-CPS-D1.2d",
  AUTHOR        = "Stylianos Basagiannis and Luis Diogo Couto and Alie El-din Mady and Hassan Ridouanne and Hector Moner Poy and Juan Valverde Alcala",
  TITLE         = "{Building Case Study 2, (Confidential)}",
  INSTITUTION   = "{INTO-CPS} Confidential Deliverable, D1.2d",
  YEAR          = "2016",
  MONTH         = "December",
  ANNOTE        = "",
  COMMENT       = ""}


@TECHREPORT{INTOCPSD1.2e,
  KEY           = "INTO-CPS-D1.2e",
  AUTHOR        = "Christian K{\"{o}}nig and Natalia Balcu",
  TITLE         = "{Automotive Case Study 2, (Confidential)}",
  INSTITUTION   = "{INTO-CPS} Confidential Deliverable, D1.2e",
  YEAR          = "2016",
  MONTH         = "December",
  ANNOTE        = "",
  COMMENT       = ""}

@TECHREPORT{INTOCPSD1.3a,
  KEY           = "INTO-CPS-D1.3a",
  AUTHOR        = "Julien Ouy and Thierry Lecomte and Frederik Forchhammer Foldager and Andres Villa Henriksen and Ole Green and Stefan Hallerstede and Peter Gorm Larsen and Luis Diogo Couto and Pasquale Antonante and Stylianos Basagiannis and Sara Falleni and Hassan Ridouane and Hajer Saada and Erica Zavaglio and Christian K{\"{o}}nig and Natalie Balcu",
  TITLE         = "{Case Studies 3, Public Version}",
  INSTITUTION   = "{INTO-CPS} Public Deliverable, D1.3a",
  YEAR          = "2017",
  MONTH         = "December",
  ANNOTE        = "",
  COMMENT       = ""
}

@TECHREPORT{INTOCPSD1.3b,
  KEY           = "INTO-CPS-D1.3b",
  AUTHOR        = "Julien Ouy and Thierry Lecomte",
  TITLE         = "{Railways Case Study 3, (Confidential)}",
  INSTITUTION   = "{INTO-CPS} Confidential Deliverable, D1.3b",
  YEAR          = "2017",
  MONTH         = "December",
  ANNOTE        = "",
  COMMENT       = ""}

@TECHREPORT{INTOCPSD1.3c,
  KEY           = "INTO-CPS-D1.3c",
  AUTHOR        = "Frederik Forchhammer Foldager and Andrés Villa-Henriksen and Ole Green and Martin Boel",
  TITLE         = "{Agriculture Case Study 3, (Confidential)}",
  INSTITUTION   = "{INTO-CPS} Confidential Deliverable, D1.3c",
  YEAR          = "2017",
  MONTH         = "December",
  ANNOTE        = "",
  COMMENT       = ""}

@TECHREPORT{INTOCPSD1.3d,
  KEY           = "INTO-CPS-D1.3d",
  AUTHOR        = "Luis Diogo Couto and Pasquale Antonante and Stylianos Basagiannis and Sara Falleni and Hassan Ridouane and Hajer Saada and Erica Zavaglio and James Baxter",
  TITLE         = "{Building Case Study 3, (Confidential)}",
  INSTITUTION   = "{INTO-CPS} Confidential Deliverable, D1.3d",
  YEAR          = "2017",
  MONTH         = "December",
  ANNOTE        = "",
  COMMENT       = ""}


@TECHREPORT{INTOCPSD1.3e,
  KEY           = "INTO-CPS-D1.3e",
  AUTHOR        = "Christian K{\"{o}}nig and Gerd Meisl",
  TITLE         = "{Automotive Case Study 3, (Confidential)}",
  INSTITUTION   = "{INTO-CPS} Confidential Deliverable, D1.3e",
  YEAR          = "2017",
  MONTH         = "December",
  ANNOTE        = "",
  COMMENT       = ""}


%WP2

@TECHREPORT{INTOCPSD2.1a,
  KEY           = "INTO-CPS-D2.1a",
  AUTHOR        = "Nuno Amalio and Richard Payne and Ana Cavalcanti and Etienne Brosse",
  TITLE         = "{Foundations of the SysML profile for CPS modelling}",
  INSTITUTION   = "{INTO-CPS} Deliverable, D2.1a",
  YEAR          = "2015",
  MONTH         = "December",
  ANNOTE        = "",
  COMMENT       = ""}

@TECHREPORT{INTOCPSD2.1b,
  KEY           = "INTO-CPS-D2.1b",
  AUTHOR        = "Simon Foster and Ana Cavalcanti and  Kenneth Lausdahl and Ken Pierce and Jim Woodcock",
  TITLE         = "{Initial Semantics of VDM-RT}",
  INSTITUTION   = "{INTO-CPS} Deliverable, D2.1b",
  YEAR          = "2015",
  MONTH         = "December",
  ANNOTE        = "",
  COMMENT       = ""}

@TECHREPORT{INTOCPSD2.1c,
  KEY           = "INTO-CPS-D2.1c",
  AUTHOR        = "Simon Foster and Bernhard Thiele and Jim Woodcock",
  TITLE         = "{Differential Equations in the Unifying Theories of Programming}",
  INSTITUTION   = "{INTO-CPS} Deliverable, D2.1c",
  YEAR          = "2015",
  MONTH         = "December",
  ANNOTE        = "",
  COMMENT       = ""}

@TECHREPORT{INTOCPSD2.1d,
  KEY           = "INTO-CPS-D2.1d",
  AUTHOR        = "Nuno Amalio and Ana Cavalcanti and
                  Christian {K\"{o}}nig and Jim Woodcock",
  TITLE         = "{Foundations for FMI Co-Modelling}",
  INSTITUTION   = "{INTO-CPS} Deliverable, D2.1d",
  YEAR          = "2015",
  MONTH         = "December",
  ANNOTE        = "",
  COMMENT       = ""}

@TECHREPORT{INTOCPSD2.2a,
  KEY           = "INTO-CPS-D2.2a",
  AUTHOR        = "Nuno Amalio and Ana Cavalcanti and Alvaro Miyazawa and Richard Payne and Jim Woodcock",
  TITLE         = "{Foundations of the SysML for CPS modelling}",
  INSTITUTION   = "{INTO-CPS} Deliverable, D2.2a",
  YEAR          = "2016",
  MONTH         = "December",
  ANNOTE        = "",
  COMMENT       = ""}

@TECHREPORT{INTOCPSD2.2b,
  KEY           = "INTO-CPS-D2.2b",
  AUTHOR        = "Simon Foster and Ana Cavalcanti and Samuel Canham and Ken Pierce and Jim Woodcock",
  TITLE         = "{Final Semantics of VDM-RT}",
  INSTITUTION   = "{INTO-CPS} Deliverable, D2.2b",
  YEAR          = "2016",
  MONTH         = "December",
  ANNOTE        = "",
  COMMENT       = ""}

@TECHREPORT{INTOCPSD2.2c,
  KEY           = "INTO-CPS-D2.2c",
  AUTHOR        = "Ana Cavalcanti and Simon Foster and Bernhard Thiele and Jim Woodcock",
  TITLE         = "{Initial semantics of Modelica}",
  INSTITUTION   = "{INTO-CPS} Deliverable, D2.2c",
  YEAR          = "2016",
  MONTH         = "December",
  ANNOTE        = "",
  COMMENT       = ""}

@TECHREPORT{INTOCPSD2.2d,
  KEY           = "INTO-CPS-D2.2d",
  AUTHOR        = "Ana Cavalcanti and Jim Woodcock",
  TITLE         = "{Foundations for FMI comodelling}",
  INSTITUTION   = "{INTO-CPS} Deliverable, D2.2d",
  YEAR          = "2016",
  MONTH         = "December",
  ANNOTE        = "",
  COMMENT       = ""}

@TECHREPORT{INTOCPSD2.3a,
  KEY           = "INTO-CPS-D2.3a",
  AUTHOR        = "Frank Zeyda and Ana Cavalcanti and Jim Woodcock and Julien Ouy",
  TITLE         = "{SysML Foundations: Case Study}",
  INSTITUTION   = "{INTO-CPS} Deliverable, D2.3a",
  YEAR          = "2017",
  MONTH         = "December",
  ANNOTE        = "",
  COMMENT       = ""}

@TECHREPORT{INTOCPSD2.3b,
  KEY           = "INTO-CPS-D2.3b",
  AUTHOR        = "Ana Cavalcanti and Simon Foster and Bernhard Thiele and Jim Woodcock and Frank Zeyda",
  TITLE         = "{Final Semantics of Modelica}",
  INSTITUTION   = "{INTO-CPS} Deliverable, D2.3b",
  YEAR          = "2017",
  MONTH         = "December",
  ANNOTE        = "",
  COMMENT       = ""}

@TECHREPORT{INTOCPSD2.3c,
  KEY           = "INTO-CPS-D2.3c",
  AUTHOR        = "Frank Zeyda and Simon Foster and Ana Cavalcanti and Jim Woodcock and Julien Ouy",
  TITLE         = "{A Mechanised FMI Semantics}",
  INSTITUTION   = "{INTO-CPS} Deliverable, D2.3c",
  YEAR          = "2017",
  MONTH         = "December",
  ANNOTE        = "",
  COMMENT       = ""}

@TECHREPORT{INTOCPSD2.3d,
  KEY           = "INTO-CPS-D2.3d",
  AUTHOR        = "Ana Cavalcanti and Simon Foster and Jim Woodcock and Frank Zeyda",
  TITLE         = "{Multi-Model Linking Semantics}",
  INSTITUTION   = "{INTO-CPS} Deliverable, D2.3d",
  YEAR          = "2017",
  MONTH         = "December",
  ANNOTE        = "",
  COMMENT       = ""}


%WP3
@TECHREPORT{INTOCPSD31a,
  KEY           = "INTO-CPS-D3.1a",
  AUTHOR        = "John Fitzgerald and Carl Gamble and Richard Payne and Ken Pierce",
  TITLE         = "{Method Guidelines 1}",
  INSTITUTION   = "{INTO-CPS} Deliverable, D3.1a",
  YEAR          = "2015",
  MONTH         = "December",
  ANNOTE        = "",
  COMMENT       = ""}

  @TECHREPORT{INTOCPSD31b,
  KEY           = "INTO-CPS-D3.1b",
  AUTHOR        = "John Fitzgerald and Carl Gamble and Richard Payne and Ken Pierce",
  TITLE         = "{Methods Progress Report 1}",
  INSTITUTION   = "{INTO-CPS} Deliverable, D3.1b",
  YEAR          = "2015",
  MONTH         = "December",
  ANNOTE        = "",
  COMMENT       = ""}

  @TECHREPORT{INTOCPSD3.4,
  KEY           = "INTO-CPS-D3.4",
  AUTHOR        = "John Fitzgerald and Carl Gamble and Richard Payne and Ken Pierce and J{\"o}rg Brauer",
  TITLE         = "{Examples Compendium 1}",
  INSTITUTION   = "{INTO-CPS} Deliverable, D3.4",
  YEAR          = "2015",
  MONTH         = "December",
  ANNOTE        = "",
  COMMENT       = ""}

@TECHREPORT{INTOCPSD3.2a,
  KEY           = "INTO-CPS-D3.2a",
  AUTHOR        = "John Fitzgerald and Carl Gamble and Richard Payne and Ken Pierce",
  TITLE         = "{Method Guidelines 2}",
  INSTITUTION   = "{INTO-CPS} Deliverable, D3.2a",
  YEAR          = "2016",
  MONTH         = "December",
  ANNOTE        = "",
  COMMENT       = ""}

  @TECHREPORT{INTOCPSD3.2b,
  KEY           = "INTO-CPS-D3.2b",
  AUTHOR        = "John Fitzgerald and Carl Gamble and Richard Payne and Ken Pierce",
  TITLE         = "{Methods Progress Report 2}",
  INSTITUTION   = "{INTO-CPS} Deliverable, D3.2b",
  YEAR          = "2016",
  MONTH         = "December",
  ANNOTE        = "",
  COMMENT       = ""}

  @TECHREPORT{INTOCPSD3.5,
  KEY           = "INTO-CPS-D3.5",
  AUTHOR        = "Richard Payne and Carl Gamble and Ken Pierce and John Fitzgerald and Simon Foster and Casper Thule and Rene Nilsson",
  TITLE         = "{Examples Compendium 2}",
  INSTITUTION   = "{INTO-CPS} Deliverable, D3.5",
  YEAR          = "2016",
  MONTH         = "December",
  ANNOTE        = "",
  COMMENT       = ""}

@TECHREPORT{INTOCPSD3.3a,
  KEY           = "INTO-CPS-D3.3a",
  AUTHOR        = "John Fitzgerald and Carl Gamble and Ken Pierce",
  TITLE         = "{Method Guidelines 3}",
  INSTITUTION   = "{INTO-CPS} Deliverable, D3.3a",
  YEAR          = "2017",
  MONTH         = "December",
  ANNOTE        = "",
  COMMENT       = ""}

  @TECHREPORT{INTOCPSD3.3b,
  KEY           = "INTO-CPS-D3.3b",
  AUTHOR        = "John Fitzgerald and Carl Gamble and Ken Pierce",
  TITLE         = "{Methods Progress Report 3}",
  INSTITUTION   = "{INTO-CPS} Deliverable, D3.3b",
  YEAR          = "2017",
  MONTH         = "December",
  ANNOTE        = "",
  COMMENT       = ""}

  @TECHREPORT{INTOCPSD3.6,
  KEY           = "INTO-CPS-D3.6",
  AUTHOR        = "Martin Mansfield and Carl Gamble and Ken Pierce and John Fitzgerald and Simon Foster and Casper Thule and Rene Nilsson",
  TITLE         = "{Examples Compendium 3}",
  INSTITUTION   = "{INTO-CPS} Deliverable, D3.6",
  YEAR          = "2017",
  MONTH         = "December",
  ANNOTE        = "",
  COMMENT       = ""}


%WP4

@TECHREPORT{INTOCPSD41a,
  KEY           = "INTO-CPS-D4.1a",
  AUTHOR        = "Victor Bandur and Peter Gorm Larsen and Kenneth Lausdahl and Sune Wolff and Carl Gamble and Adrian Pop and Etienne Brosse and J{\"o}rg Brauer and Florian Lapschies and Marcel Groothuis and Christian Kleijn",
  TITLE         = "{User Manual for the INTO-CPS Tool Chain}",
  INSTITUTION   = "{INTO-CPS} Deliverable, D4.1a",
  YEAR          = "2015",
  MONTH         = "December",
  ANNOTE        = "",
  COMMENT       = ""}

@TECHREPORT{INTOCPSD41b,
  KEY           = "INTO-CPS-D4.1b",
  AUTHOR        = "Adrian Pop and Victor Bandur and Kenneth Lausdahl and Frank Groen",
  TITLE         = "{Integration of Simulators using FMI}",
  INSTITUTION   = "{INTO-CPS} Deliverable, D4.1b",
  YEAR          = "2015",
  MONTH         = "December",
  ANNOTE        = "",
  COMMENT       = ""}

@TECHREPORT{INTOCPSD41c,
  KEY           = "INTO-CPS-D4.1c",
  AUTHOR        = "Etienne Brosse and Imran Quadri",
  TITLE         = "{COE Contracts from SysML}",
  INSTITUTION   = "{INTO-CPS} Deliverable, D4.1c",
  YEAR          = "2015",
  MONTH         = "December",
  ANNOTE        = "",
  COMMENT       = ""}

@TECHREPORT{INTOCPSD41d,
  KEY           = "INTO-CPS-D4.1d",
  AUTHOR        = "Kenneth Lausdahl and Peter Gorm Larsen and Sune Wolf and Victor Bandur and
                   Anders Terkelsen and Miran Hasanagi\'{c} and Casper Thule 
                   Hansen and Ken Pierce and Oliver Kotte and Adrian Pop and Etienne Brosse and J{\"o}rg Brauer and Oliver M{\"o}ller",
  TITLE         = "{Design of the INTO-CPS Platform}",
  INSTITUTION   = "{INTO-CPS} Deliverable, D4.1d",
  YEAR          = "2015",
  MONTH         = "December",
  ANNOTE        = "",
  COMMENT       = ""}

@TECHREPORT{INTOCPSD4.2a,
  KEY           = "INTO-CPS-D4.2a",
  AUTHOR        = "Victor Bandur and Peter Gorm Larsen and Kenneth Lausdahl and Casper Thule and Anders Franz Terkelsen and Carl Gamble and Adrian Pop and Etienne Brosse and J{\"o}rg Brauer and Florian Lapschies and Marcel Groothuis and Christian Kleijn and Luis Diogo Couto",
  TITLE         = "{{INTO-CPS} Tool Chain User Manual}",
  INSTITUTION   = "{INTO-CPS} Deliverable, D4.2a",
  YEAR          = "2016",
  MONTH         = "December",
  ANNOTE        = "",
  COMMENT       = ""}

@TECHREPORT{INTOCPSD4.2b,
  KEY           = "INTO-CPS-D4.2b",
  AUTHOR        = "Adrian Pop and Victor Bandur and Kenneth Lausdahl and Frank Groen",
  TITLE         = "{Updated Integration of Simulators in the INTO-CPS Platform}",
  INSTITUTION   = "{INTO-CPS} Deliverable, D4.2b",
  YEAR          = "2016",
  MONTH         = "December",
  ANNOTE        = "",
  COMMENT       = ""}

@TECHREPORT{INTOCPSD4.2c,
  KEY           = "INTO-CPS-D4.2c",
  AUTHOR        = "Etienne Brosse and Imran Quadri",
  TITLE         = "{SysML and FMI in INTO-CPS}",
  INSTITUTION   = "{INTO-CPS} Deliverable, D4.2c",
  YEAR          = "2016",
  MONTH         = "December",
  ANNOTE        = "",
  COMMENT       = ""}

@TECHREPORT{INTOCPSD4.2d,
  KEY           = "INTO-CPS-D4.2d",
  AUTHOR        = "Kenneth Lausdahl and Peter Niermann and Jos H{\"o}ll and Carl Gamble and Oliver M{\"o}lle and Etienne Brosse and Tom Bokhove and Luis Diogo Couto and Adrian Pop",
  TITLE         = "{INTO-CPS Traceability Design}",
  INSTITUTION   = "{INTO-CPS} Deliverable, D4.2d",
  YEAR          = "2016",
  MONTH         = "December",
  ANNOTE        = "",
  COMMENT       = ""}

@TECHREPORT{INTOCPSD4.3a,
  KEY           = "INTO-CPS-D4.3a",
  AUTHOR        = "Victor Bandur and Peter Gorm Larsen and Kenneth Lausdahl and Casper Thule and Anders Franz Terkelsen and Carl Gamble and Adrian Pop and Etienne Brosse and J{\"o}rg Brauer and Florian Lapschies and Marcel Groothuis and Christian Kleijn and Luis Diogo Couto",
  TITLE         = "{{INTO-CPS} Tool Chain User Manual}",
  INSTITUTION   = "{INTO-CPS} Deliverable, D4.3a",
  YEAR          = "2017",
  MONTH         = "December",
  ANNOTE        = "",
  COMMENT       = ""}

@TECHREPORT{INTOCPSD4.3b,
  KEY           = "INTO-CPS-D4.3b",
  AUTHOR        = "Adrian Pop and Victor Bandur and Kenneth Lausdahl and Marcel Groothuis and Tom Bokhove",
  TITLE         = "{Final Integration of Simulators in the INTO-CPS Platform}",
  INSTITUTION   = "{INTO-CPS} Deliverable, D4.3b",
  YEAR          = "2017",
  MONTH         = "December",
  ANNOTE        = "",
  COMMENT       = ""}

@TECHREPORT{INTOCPSD4.3c,
  KEY           = "INTO-CPS-D4.3c",
  AUTHOR        = "Etienne Brosse",
  TITLE         = "{SysML and FMI in INTO-CPS}",
  INSTITUTION   = "{INTO-CPS} Deliverable, D4.3c",
  YEAR          = "2017",
  MONTH         = "December",
  ANNOTE        = "",
  COMMENT       = ""}

@TECHREPORT{INTOCPSD4.3d,
  KEY           = "INTO-CPS-D4.3d",
  AUTHOR        = "Christian K{\"{o}}nig and Kenneth Lausdahl and Peter Niermann and Jos H{\"o}ll and Carl Gamble and Oliver M{\"o}lle and Etienne Brosse and Tom Bokhove and Luis Diogo Couto and Adrian Pop",
  TITLE         = "{INTO-CPS Traceability Implementation}",
  INSTITUTION   = "{INTO-CPS} Deliverable, D4.3d",
  YEAR          = "2017",
  MONTH         = "December",
  ANNOTE        = "",
  COMMENT       = ""}


%WP5

@TECHREPORT{INTOCPSD51a,
  KEY           = "INTO-CPS-D5.1a",
  AUTHOR        = "Carl Gamble and Francois Hantry and Claes D{\"u}hring J{\ae}ger and Christian K{\"{o}}nig and Alie El-din Madie and Richard Payne",
  TITLE         = "{Design Space Exploration in the INTO-CPS Platform}",
  INSTITUTION   = "{INTO-CPS} Deliverable, D5.1a",
  YEAR          = "2015",
  MONTH         = "December",
  ANNOTE        = "",
  COMMENT       = ""}

@TECHREPORT{INTOCPSD51b,
  KEY           = "INTO-CPS-D5.1b",
  AUTHOR        = "Oliver M{\"o}ller and Adrian Pop and J{\"o}rg Brauer",
  TITLE         = "{Distributed Testing and Simulation Network}",
  INSTITUTION   = "{INTO-CPS} Deliverable, D5.1b",
  YEAR          = "2015",
  MONTH         = "December",
  ANNOTE        = "",
  COMMENT       = ""}

@TECHREPORT{INTOCPSD51c,
  KEY           = "INTO-CPS-D5.1c",
  AUTHOR        = "J{\"o}rg Brauer and Oliver M{\"o}ller",
  TITLE         = "{Abstraction Techniques from CT to DE}",
  INSTITUTION   = "{INTO-CPS} Deliverable, D5.1c",
  YEAR          = "2015",
  MONTH         = "December",
  ANNOTE        = "",
  COMMENT       = ""}

@TECHREPORT{INTOCPSD51d,
  KEY           = "INTO-CPS-D5.1d",
  AUTHOR        = "Miran Hasanagi\'{c} and Peter Gorm Larsen and Marcel 
                   Groothuis and Despina Davoudani and Adrian Pop and
                   Kenneth Lausdahl and Victor Bandur",
  TITLE         = "{Design Principles for Code Generators}",
  INSTITUTION   = "{INTO-CPS} Deliverable, D5.1d",
  YEAR          = "2015",
  MONTH         = "December",
  ANNOTE        = "",
  COMMENT       = ""}

@TECHREPORT{INTOCPSD5.2a,
  KEY           = "INTO-CPS-D5.2a",
  AUTHOR        = "Adrian Pop and Florian Lapschies and Oliver M{\"o}ller",
  TITLE         = "{Test automation module in the INTO-CPS Platform}",
  INSTITUTION   = "{INTO-CPS} Deliverable, D5.2a",
  YEAR          = "2016",
  MONTH         = "December",
  ANNOTE        = "",
  COMMENT       = ""}

@TECHREPORT{INTOCPSD5.2b,
  KEY           = "INTO-CPS-D5.2b",
  AUTHOR        = "J{\"o}rg Brauer and Florian Lapschies and Oliver M{\"o}ller",
  TITLE         = "{Implementation of a Model-Checking Component}",
  INSTITUTION   = "{INTO-CPS} Deliverable, D5.2b",
  YEAR          = "2016",
  MONTH         = "December",
  ANNOTE        = "",
  COMMENT       = ""}

@TECHREPORT{INTOCPSD5.2c,
  KEY           = "INTO-CPS-D5.2c",
  AUTHOR        = "Victor Bandur and Miran Hasanagic and Adrian Pop and Marcel Groothuis",
  TITLE         = "{FMI-Compliant Code Generation in the INTO-CPS Tool Chain}",
  INSTITUTION   = "{INTO-CPS} Deliverable, D5.2c",
  YEAR          = "2016",
  MONTH         = "December",
  ANNOTE        = "",
  COMMENT       = ""}

@TECHREPORT{INTOCPSD5.2d,
  KEY           = "INTO-CPS-D5.2d",
  AUTHOR        = "Carl Gamble",
  TITLE         = "{DSE in the INTO-CPS Platform}",
  INSTITUTION   = "{INTO-CPS} Deliverable, D5.2d",
  YEAR          = "2016",
  MONTH         = "December",
  ANNOTE        = "",
  COMMENT       = ""}

@TECHREPORT{INTOCPSD5.3a,
  KEY           = "INTO-CPS-D5.3a",
  AUTHOR        = "Carl Gamble and Oliver M{\"o}ller and Victor Bandur",
  TITLE         = "{Test automation module in the INTO-CPS Platform}",
  INSTITUTION   = "{INTO-CPS} Deliverable, D5.3a",
  YEAR          = "2017",
  MONTH         = "December",
  ANNOTE        = "",
  COMMENT       = ""}

@TECHREPORT{INTOCPSD5.3b,
  KEY           = "INTO-CPS-D5.3b",
  AUTHOR        = "J{\"o} Brauer and Luis Diogo Couto and and Marcel Groothuis and Miran Hasanagic and Kangfeng Ye",
  TITLE         = "{Demonstration of Integrated Co-Simulation and Testing}",
  INSTITUTION   = "{INTO-CPS} Deliverable, D5.3b",
  YEAR          = "2017",
  MONTH         = "December",
  ANNOTE        = "",
  COMMENT       = ""}

@TECHREPORT{INTOCPSD5.3c,
  KEY           = "INTO-CPS-D5.3c",
  AUTHOR        = "J{\"o}rg Brauer and Miran Hasanagic",
  TITLE         = "{Implementation of a model-checking component}",
  INSTITUTION   = "{INTO-CPS} Deliverable, D5.3c",
  YEAR          = "2017",
  MONTH         = "December",
  ANNOTE        = "",
  COMMENT       = ""}

@TECHREPORT{INTOCPSD5.3d,
  KEY           = "INTO-CPS-D5.3d",
  AUTHOR        = "Victor Bandur and Miran Hasanagic and Adrian Pop and Marcel Groothuis",
  TITLE         = "{FMI-Compliant Code Generation in the INTO-CPS Tool Chain}",
  INSTITUTION   = "{INTO-CPS} Deliverable, D5.3d",
  YEAR          = "2017",
  MONTH         = "December",
  ANNOTE        = "",
  COMMENT       = ""}

@TECHREPORT{INTOCPSD5.3e,
  KEY           = "INTO-CPS-D5.3e",
  AUTHOR        = "Carl Gamble",
  TITLE         = "{Comprehensive DSE Support}",
  INSTITUTION   = "{INTO-CPS} Deliverable, D5.3e",
  YEAR          = "2017",
  MONTH         = "December",
  ANNOTE        = "",
  COMMENT       = ""}


%WP6
@TECHREPORT{INTOCPSD6.1,
  KEY           = "INTO-CPS-D6.1",
  AUTHOR        = "Christian K{\"{o}}nig and Peter Fritzson and Christian Kleijn and Peter Gorm Larsen and Mette Stig Hansen and J{\"o}rg Brauer and Jose Esparza and Stylianos Basagiannis",
  TITLE         = "{Dissemination and Exploitation Report - Year 1}",
  INSTITUTION   = "{INTO-CPS} Deliverable, D6.1",
  YEAR          = "2015",
  MONTH         = "December",
  ANNOTE        = "",
  COMMENT       = ""}

@TECHREPORT{INTOCPSD6.2,
  KEY           = "INTO-CPS-D6.2",
  AUTHOR        = "Christian K{\"{o}}nig and Peter Fritzson and Adrian Pop and Christian Kleijn and Peter Gorm Larsen and Mette Stig Hansen and J{\"o}rg Brauer and Stylianos Basagiannis",
  TITLE         = "{Dissemination and Exploitation Report - Year 2}",
  INSTITUTION   = "{INTO-CPS} Deliverable, D6.2",
  YEAR          = "2016",
  MONTH         = "December",
  ANNOTE        = "",
  COMMENT       = ""}

@TECHREPORT{INTOCPSD6.3,
  KEY           = "INTO-CPS-D6.3",
  AUTHOR        = "Christian K{\"{o}}nig and Peter Fritzson and Adrian Pop and Christian Kleijn and Peter Gorm Larsen and Mette Stig Hansen and J{\"o}rg Brauer and Stylianos Basagiannis",
  TITLE         = "{Dissemination and Exploitation Report - Year 3}",
  INSTITUTION   = "{INTO-CPS} Deliverable, D6.3",
  YEAR          = "2017",
  MONTH         = "December",
  ANNOTE        = "",
  COMMENT       = ""}


%WP7

@TECHREPORT{INTOCPSD71a,
  KEY           = "INTO-CPS-D7.1a",
  AUTHOR        = "Mette Stig Hansen",
  TITLE         = "{The INTO-CPS Public Web Page}",
  INSTITUTION   = "{INTO-CPS} Deliverable, D7.1a",
  YEAR          = "2015",
  MONTH         = "February",
  ANNOTE        = "",
  COMMENT       = ""}

@TECHREPORT{INTOCPSD71b,
  KEY           = "INTO-CPS-D7.1b",
  AUTHOR        = "Mette Stig Hansen and Peter Gorm Larsen",
  TITLE         = "{The INTO-CPS Intranet}",
  INSTITUTION   = "{INTO-CPS} Deliverable, D7.1b",
  YEAR          = "2015",
  MONTH         = "February",
  ANNOTE        = "",
  COMMENT       = ""}

@TECHREPORT{INTOCPSD71c,
  KEY           = "INTO-CPS-D7.1c",
  AUTHOR        = "Peter Gorm Larsen and John Fitzgerald and Jim Woodcock",
  TITLE         = "{The INTO-CPS Project Flyer}",
  INSTITUTION   = "{INTO-CPS} Deliverable, D7.1c",
  YEAR          = "2015",
  MONTH         = "February",
  ANNOTE        = "",
  COMMENT       = ""}

@TECHREPORT{INTOCPSD71d,
  KEY           = "INTO-CPS-D7.1d",
  AUTHOR        = "Peter Gorm Larsen and Joey Coleman and Sune Wolf and
                   Mette Stig Hansen and John Fitzgerald and Christian
                   K{\"{o}}nig and Stylianos Basagiannis and Markus Dahlweid
                   and Christian Kleijn and Lone Jensen and Anna Mette
                   Morthorst",
  TITLE         = "{The INTO-CPS Handbook}",
  INSTITUTION   = "{INTO-CPS} Deliverable, D7.1d",
  YEAR          = "2015",
  MONTH         = "February",
  ANNOTE        = "",
  COMMENT       = ""}

@TECHREPORT{INTOCPSD72,
  KEY           = "INTO-CPS-D7.2",
  AUTHOR        = "Peter Gorm Larsen and Jim Woodcock and John Fitzgerald and
                   Christian K{\"{o}}nig and Francois Hantry and J{\"o}rg
                   Brauer",
  TITLE         = "{Periodic Progress Report year 1}",
  INSTITUTION   = "{INTO-CPS} Deliverable, D7.2",
  YEAR          = "2015",
  MONTH         = "December",
  ANNOTE        = "",
  COMMENT       = ""}

@TECHREPORT{INTOCPSD73,
  KEY           = "INTO-CPS-D7.3",
  AUTHOR        = "Peter Gorm Larsen and Ken Pierce and Francois Hantry and
                   Joey W. Coleman and Sune Wolff and Kenneth Lausdahl and
                   Marcel Groothuis and Adrian Pop and Miran Hasanagi\'{c} 
                   and J{\"o}rg Brauer
                   and Etienne Brosse and Carl Gamble and Simon Foster and Jim Woodcock",
  TITLE         = "{Requirements Report year 1}",
  INSTITUTION   = "{INTO-CPS} Deliverable, D7.3",
  YEAR          = "2015",
  MONTH         = "December",
  ANNOTE        = "",
  COMMENT       = ""}

@TECHREPORT{INTOCPSD7.4,
  KEY           = "INTO-CPS-D7.4",
  AUTHOR        = "Peter Gorm Larsen and Jim Woodcock and John Fitzgerald and
                   Christian K{\"{o}}nig and Julien Ouy and J{\"o}rg
                   Brauer",
  TITLE         = "{Periodic Progress Report Year 2}",
  INSTITUTION   = "{INTO-CPS} Deliverable, D7.4",
  YEAR          = "2016",
  MONTH         = "December",
  ANNOTE        = "",
  COMMENT       = ""}

@TECHREPORT{INTOCPSD7.5,
  KEY           = "INTO-CPS-D7.5",
  AUTHOR        = "Peter Gorm Larsen and Ken Pierce and Julien Ouy and Kenneth Lausdahl and Marcel Groothuis and Adrian Pop and Miran Hasanagic and J{\"o}rg Brauer and Etienne Brosse and Carl Gamble and Simon Foster and Jim Woodcock",
  TITLE         = "{Requirements Report Year 2}",
  INSTITUTION   = "{INTO-CPS} Deliverable, D7.5",
  YEAR          = "2016",
  MONTH         = "December",
  ANNOTE        = "",
  COMMENT       = ""}

@TECHREPORT{INTOCPSD7.6,
  KEY           = "INTO-CPS-D7.6",
  AUTHOR        = "Peter Gorm Larsen and Jim Woodcock and John Fitzgerald and Christian K{\"{o}}nig and Francois Hantry and J{\"o}rg Brauer",
  TITLE         = "{Periodic Progress Report Year 3}",
  INSTITUTION   = "{INTO-CPS} Deliverable, D7.3",
  YEAR          = "2017",
  MONTH         = "December",
  ANNOTE        = "",
  COMMENT       = ""}

@TECHREPORT{INTOCPSD7.7,
  KEY           = "INTO-CPS-D7.7",
  AUTHOR        = "Peter Gorm Larsen and Ken Pierce and Julien Ouy and Kenneth Lausdahl and Marcel Groothuis and Adrian Pop and Miran Hasanagic and J{\"o}rg Brauer and Etienne Brosse and Carl Gamble and Simon Foster and Jim Woodcock",
  TITLE         = "{Requirements Report Year 3}",
  INSTITUTION   = "{INTO-CPS} Deliverable, D7.7",
  YEAR          = "2017",
  MONTH         = "December",
  ANNOTE        = "",
  COMMENT       = ""}
